@article{Sapiens, title={Sapiens: A Brief History of Humankind di Yuval Noah Harari, Harvill Secker, London, 2014}, volume={2}, url={https://oajournals.fupress.net/index.php/ccselap/article/view/8131}, DOI={10.13128/ccselap-23420}, number={4}, journal={Comparative Cultural Studies - European and Latin American Perspectives}, author={Campani, Giovanna}, year={2018}, month={Jul.}, pages={113-114}}
@book{RandomWalk, added-at = {2007-06-26T15:08:05.000+0200}, author = {Malkiel, Burton. G.}, biburl = {https://www.bibsonomy.org/bibtex/25133d662efe83f856eb40b8b9867f672/gilles.daniel}, comment = {Malkiel defends his random position well, explaining how the market eventually corrects any irrationality--albeit in its own slow, inexorable fashion. Anomalies can crop up, markets can get irrationally optimistic, and often they attract unwary investors. But eventually, true value is recognized by the market, and this is the main lesson investors must heed.}, interhash = {9b046cd3a62eabb6b31b76cc4e0a253d}, intrahash = {5133d662efe83f856eb40b8b9867f672}, keywords = {imported}, publisher = {Norton, New York}, timestamp = {2007-06-26T15:08:07.000+0200}, title = {A Random Walk Down Wall Street}, year = 1973 } 
@misc{HFT-wiki, title = "High frequency trading", year = "2020", url = "https://en.wikipedia.org/wiki/High-frequency_trading" } 
@misc{wtoken-info, title = "WoW token prices", year = "2015-2020", url = "https://wowtokenprices.com" } 
@article{ad_review, author = {Blázquez-García, Ane and Conde, Angel and Mori, Usue and Lozano, Jose}, year = {2020}, month = {02}, pages = {}, title = {A review on outlier/anomaly detection in time series data} }
@misc{wen-gao, title={RobustSTL: A Robust Seasonal-Trend Decomposition Algorithm for Long Time Series}, author={Qingsong Wen and Jingkun Gao and Xiaomin Song and Liang Sun and Huan Xu and Shenghuo Zhu}, year={2018}, eprint={1812.01767}, archivePrefix={arXiv}, primaryClass={cs.LG} }
@inproceedings{PEWMA, author = {Carter, Kevin and Streilein, William}, year = {2012}, month = {08}, pages = {377-380}, title = {Probabilistic reasoning for streaming anomaly detection}, isbn = {978-1-4673-0182-4}, doi = {10.1109/SSP.2012.6319708} }
@article{stl-origin, added-at = {2009-10-28T04:42:52.000+0100}, author = {Cleveland, Robert B. and Cleveland, William S. and McRae, Jean E. and Terpenning, Irma}, biburl = {https://www.bibsonomy.org/bibtex/24bf4893a61f6e30b2dbf7f37884295ed/jwbowers}, citeulike-article-id = {106881}, date-added = {2007-09-03 22:45:16 -0500}, date-modified = {2007-09-03 22:45:16 -0500}, interhash = {a8931b8eac108ccff1bb30b75130aac9}, intrahash = {4bf4893a61f6e30b2dbf7f37884295ed}, journal = {Journal of Official Statistics}, keywords = {graphical_methods statistics}, pages = {3--73}, timestamp = {2009-10-28T04:43:05.000+0100}, title = {STL: A Seasonal-Trend Decomposition Procedure Based on Loess (with Discussion)}, volume = 6, year = 1990 }
@inproceedings{adts-cloud, author = {Gander, Matthias and Felderer, Michael and Katt, Basel and Tolbaru, Adrian and Breu, Ruth and Moschitti, Alessandro}, year = {2013}, month = {01}, pages = {103-116}, title = {Anomaly Detection in the Cloud: Detecting Security Incidents via Machine Learning}, volume = {379}, journal = {Communications in Computer and Information Science}, doi = {10.1007/978-3-642-45260-4_8} }



